<record><leader>00000cas a22000007a 4500</leader><controlfield tag="001">13557544</controlfield><controlfield tag="008">860512d18781879utudn ne      0    0eng  </controlfield><datafield ind1=" " ind2=" " tag="010"><subfield code="a">sn 86071494 </subfield></datafield><datafield ind1=" " ind2=" " tag="040"><subfield code="a">DLC</subfield><subfield code="b">eng</subfield><subfield code="c">DLC</subfield><subfield code="d">OCLCQ</subfield></datafield><datafield ind1=" " ind2=" " tag="042"><subfield code="a">msc</subfield></datafield><datafield ind1="0" ind2="0" tag="050"><subfield code="a">Newspaper 9935-X</subfield></datafield><datafield ind1="0" ind2=" " tag="130"><subfield code="a">Daily chronicle (Beaver, Utah)</subfield></datafield><datafield ind1="1" ind2="4" tag="245"><subfield code="a">The Daily chronicle.</subfield></datafield><datafield ind1=" " ind2=" " tag="260"><subfield code="a">Beaver, Utah :</subfield><subfield code="b">Chronicle Print. and Pub. Co.</subfield></datafield><datafield ind1=" " ind2=" " tag="300"><subfield code="a">v. ;</subfield><subfield code="c">46 cm.</subfield></datafield><datafield ind1=" " ind2=" " tag="310"><subfield code="a">Daily (except Sun.)</subfield></datafield><datafield ind1="1" ind2=" " tag="362"><subfield code="a">Began with Oct. 16, 1878 issue; ceased in Oct. 1879.</subfield><subfield code="z">Cf. Alter, C.J. Early Utah journalism.</subfield></datafield><datafield ind1=" " ind2=" " tag="588"><subfield code="a">Description based on: Vol. 1, no. 197 (June 5, 1879).</subfield></datafield><datafield ind1=" " ind2=" " tag="752"><subfield code="a">United States</subfield><subfield code="b">Utah</subfield><subfield code="c">Beaver</subfield><subfield code="d">Beaver.</subfield></datafield><datafield ind1="0" ind2="0" tag="780"><subfield code="t">Square dealer</subfield></datafield><datafield ind1="0" ind2="0" tag="785"><subfield code="t">Beaver watchman</subfield></datafield><datafield ind1="1" ind2=" " tag="029"><subfield code="a">AU@</subfield><subfield code="b">000025786098</subfield></datafield></record>